@Book{m2022,
    author = {Max Musterfrau},
    title = {Mustertitel},
    year = {2022},
    isbn = {1-2345-6789-0},
}